@inproceedings{doupe2010johnny,
 author = "Doup{\'e}, Adam and Cova, Marco and Vigna, Giovanni",
 editor = "Kreibich, Christian and Jahnke, Marko",
 title = "Why Johnny Can't Pentest: An Analysis of Black-Box Web Vulnerability Scanners",
 booktitle = "Detection of Intrusions and Malware, and Vulnerability Assessment",
 year = "2010",
 publisher = "Springer Berlin Heidelberg",
 address = "Berlin, Heidelberg",
 pages = "111--131",
 isbn = "978-3-642-14215-4"
}

@inproceedings{klees2018Evaluation,
author = {Klees, George and Ruef, Andrew and Cooper, Benji and Wei, Shiyi and Hicks, Michael},
title = {Evaluating Fuzz Testing},
year = {2018},
isbn = {9781450356930},
publisher = {Association for Computing Machinery},
address = {New York, NY, USA},
url = {https://doi.org/10.1145/3243734.3243804},
doi = {10.1145/3243734.3243804},
booktitle = {Proceedings of the 2018 ACM SIGSAC Conference on Computer and Communications Security},
pages = {2123-2138},
numpages = {16},
keywords = {evaluation, security, fuzzing},
location = {Toronto, Canada},
series = {CCS '18}
}

@inproceedings{coverage2014effectiveness,
	author = {Laura Inozemtseva and Reid Holmes},
	year = {2014},
	title = {Coverage Is Not Strongly Correlated with Test Suite Effectiveness},
	publisher = {International Conference on Software Engineering (ICSE)}
}

@inproceedings{bohme2017directed,
  title={Directed greybox fuzzing},
  author={B{\"o}hme, Marcel and Pham, Van-Thuan and Nguyen, Manh-Dung and Roychoudhury, Abhik},
  booktitle={Proceedings of the 2017 ACM SIGSAC Conference on Computer and Communications Security},
  pages={2329--2344},
  year={2017}
}

@Book{fuzzing_book,
  title = {{Fuzzing for Software Security Testing and Quality Assurance}},
  edition = {Second},
  author = {A. {Takanen} and J. {Demott} and C. {Miller} and A. {Kettunen}},
  year = {2018},
  publisher = {Artech},
  key = {9781630815196},
  url = {https://ieeexplore.ieee.org/document/9100404}
}

@Book{program_analysis_book,
 title = {{Chapter One - Automated Test Oracles: A Survey}},
 editor = {Atif Memon},
 series = {Advances in Computers},
 publisher = {Elsevier},
 volume = {95},
 pages = {1 - 48},
 year = {2014},
 issn = {0065-2458},
 doi = {https://doi.org/10.1016/B978-0-12-800160-8.00001-2},
 url = {http://www.sciencedirect.com/science/article/pii/B9780128001608000012},
 author = {Mauro Pezzè and Cheng Zhang},
 keywords = {Software Testing}
}

@Book{using_docker_book,
 title = {{Using Docker: Developing and Deploying Software with Containers}},
 publisher = {O'Reilly Media, Inc},
 volume = {1},
 year = {2015},
 isbn = {9781491915769},
 URL = {https://www.oreilly.com/library/view/using-docker/9781491915752/},
 author = {Adrian Mouat}
}

@mastersthesis{seal2016Genetic,
 author = {Seal, Scott Michael},
 advisor = {Fulp, Errin},
 title = {Optimizing Web Application Fuzzing with Genetic Algorithms and Language Theory},
 year = {2016},
 publisher = {Wake Forest University}
}

@Misc{fuzzing_def,
 author = {Miller},
 year = {2008},
 title = {Fuzz Testing of Application Reliability},
 howpublished = {\url {http://pages.cs.wisc.edu/~bart/fuzz/}, last accessed in November 2020.}
}

@misc{symbolic_exe,
 author = {Tutorialspoint},
 year = {2020},
 title = {Symbolic Execution},
 note = {\url{https://www.tutorialspoint.com/software_testing_dictionary/symbolic_execution.htm}, last accessed in November 2020.}
}

@misc{fuzzing_owasp,
 year = {2020},
 title = {OWASP: Fuzzing},
 howpublished = {\url {https://owasp.org/www-community/Fuzzing}}
}

@misc{cve,
 author = {CVE},
 year = {2020},
 title = {Common Vulnerabilities and Exposures (CVE)},
 howpublished = {\url {https://cve.mitre.org/}}
}

@misc{owasp2017,
 author = {owasp.org},
 year = {2017},
 title = {OWASP Top Ten Web Application Security Risks},
 howpublished = {\url {https://owasp.org/www-project-top-ten/}}
}

@misc{rxss_def,
 year = {2020},
 title = {Web Security Academy: What is reflected XSS (cross-site scripting)?},
 howpublished = {\url {https://portswigger.net/web-security/cross-site-scripting/reflected}}
} 

@misc{csp_def,
 year = {2020},
 title = {MDN Web Docs: Content Security Policy (CSP)},
 howpublished = {\url {https://developer.mozilla.org/en-US/docs/Web/HTTP/CSP#:%7E:text=Content%20Security%20Policy%20(CSP)%20is,XSS)%20and%20data%20injection%20attacks.&text=If%20the%20site%20doesn't,the%20standard%20same%2Dorigin%20policy.}}
} 

@misc{nikicPhpParser,
 author = {Nikita Popov},
 title = {PHP Parser},
 howpublished = {\url {https://github.com/nikic/PHP-Parser}}
}

@misc{concurrency_realpython,
 year = {2020},
 title = {Real Python: Speed Up Your Python Program With Concurrency},
 howpublished = {\url {https://realpython.com/python-concurrency/}}
}

@misc{asyncio,
 title = {Real Python: Async IO in Python: A Complete Walkthrough},
 year = {2020},
 howpublished = {\url {https://realpython.com/async-io-python/}}
}

@misc{gil_realpython,
 title = {Real Python: What Is the Python Global Interpreter Lock (GIL)?},
 year = {2020},
 howpublished = {\url {https://realpython.com/python-gil/}}
}

@misc{python_pep8,
 author = {Python.org},
 title = {PEP 8 -- Style Guide for Python Code},
 year = {2020},
 howpublished = {\url {https://www.python.org/dev/peps/pep-0008/}}
}

@misc{python_pep257,
 author = {Python.org},
 title = {PEP 257 -- Docstring Conventions},
 year = {2020},
 howpublished = {\url {https://www.python.org/dev/peps/pep-0257/}}
}

@misc{mock,
 title = {Python docs: unittest.mock — mock object library — Python 3.9.1 documentation},
 year = {2020},
 howpublished = {\url {https://docs.python.org/3/library/unittest.mock.html}}
}

@misc{unittest_module,
 author = {Python docs},
 title = {unittest — Unit testing framework — Python 3.9.1 documentation},
 year = {2020},
 howpublished = {\url {https://docs.python.org/3/library/unittest.html}}
}

@misc{pytest_module,
 author = {Python docs},
 title = {pytest: helps you write better programs — pytest documentation},
 year = {2020},
 howpublished = {\url {https://docs.pytest.org/en/stable/}}
}

@misc{pylint_module,
 author = {Python docs},
 title = {Pylint - code analysis for Python | www.pylint.org},
 year = {2020},
 howpublished = {\url {https://www.pylint.org/}}
}

@misc{asyncio_image_source,
 author = {Michael Flaxman},
 title = {Python 3's Killer Feature: asyncio},
 year = {2020},
 howpublished = {\url {https://eng.paxos.com/python-3s-killer-feature-asyncio}}
}

@misc{aiohttp,
 author = {aiohttp maintainers},
 title = {Welcome to AIOHTTP — aiohttp 3.7.3 documentation},
 year = {2020},
 howpublished = {\url {https://docs.aiohttp.org/en/stable/index.html}}
}

@misc{sphinx,
 title = {Sphinx 4.0.0+ documentation},
 year = {2020},
 howpublished = {\url {https://www.sphinx-doc.org/en/master/}}
}

@misc{beautiful_soup,
 author = {Crummy},
 title = {Beautiful Soup Documentation},
 year = {2020},
 howpublished = {\url {https://www.crummy.com/software/BeautifulSoup/bs4/doc/}}
}

@misc{asynio_compatible,
 title = {aio-libs},
 year = {2020},
 howpublished = {\url {https://github.com/aio-libs}}
}

@misc{urllib_parse,
 title = {urllib.parse - Parse URLs into components - Python 3.9.1 documentation},
 year = {2020},
 howpublished = {\url {https://docs.python.org/3/library/urllib.parse.html}}
}

@misc{curses,
 title = {DevDungeon: Curses Programming in Python},
 year = {2019},
 howpublished = {\url {https://www.devdungeon.com/content/curses-programming-python}}
}

@misc{wordpress,
 year = {2020},
 title = {WordPress.com: Create a Free Website or Blog},
 howpublished = {\url {https://wordpress.com/}}
} 

@misc{docker_def,
 title = {Docker: Empowering App Development for Developers},
 year = {2019},
 howpublished = {\url {https://www.docker.com/}}
} 

@misc{docker_containers,
 title = {Docker: What is a Container?},
 howpublished = {\url {https://www.docker.com/resources/what-container}}
} 

@misc{nginx,
 year = {2019},
 title = {NGINX | High Performance Load Balancer, Web Server, Reverse Proxy},
 howpublished = {\url {https://www.nginx.com/}}
} 

@misc{mariadb,
 year = {2019},
 title = {MariaDB.org Foundation},
 howpublished = {\url {https://mariadb.org/}}
} 

@misc{docker_hub,
 year = {2020},
 title = {Docker Hub},
 howpublished = {\url {https://hub.docker.com/}}
} 

@misc{drupal,
 year = {2020},
 title = {Drupal - Open Source CMS},
 howpublished = {\url {https://www.drupal.org/}}
} 

@misc{multi-container,
 year = {2020},
 title = {WordPress Deployment with NGINX, PHP-FPM and MariaDB using Docker Compose},
 howpublished = {\url {https://medium.com/swlh/wordpress-deployment-with-nginx-php-fpm-and-mariadb-using-docker-compose-55f59e5c1a}}
} 

@misc{argparse,
 year = {2020},
 title = {argparse — Parser for command-line options, arguments and sub-commands — Python 3.9.1 documentation},
 howpublished = {\url {https://docs.python.org/3/library/argparse.html}}
}

@misc{zalewski2014Mutations,
 author ={Zalewski, Michal},
 month ={aug},
 year = {2014},
 title ={Binary fuzzing strategies: what works, what doesn't},
 howpublished = {\url {https://lcamtuf.blogspot.com/2014/08/binary-fuzzing-strategies-what-works.html}}
}

@misc{xsspayloadfirst,
 title ={payloadbox/xss-payload-list},
 howpublished = {\url {https://github.com/payloadbox/xss-payload-list}}
}

@misc{xsspayloadsecond,
 title ={swisskyrepo/PayloadsAllTheThings},
 howpublished = {\url {https://github.com/swisskyrepo/PayloadsAllTheThings}}
}

@misc{mutationbased,
 title ={Mutation-Based Fuzzing - The Fuzzing Book},
 howpublished = {\url {https://www.fuzzingbook.org/html/MutationFuzzer.html}}
}